<record><leader>00000cas a22000007a 4500</leader><controlfield tag="001">22154135</controlfield><controlfield tag="008">900728d1883188uctudn ne      0    0eng d</controlfield><datafield ind1=" " ind2=" " tag="010"><subfield code="a">sn 90057216 </subfield></datafield><datafield ind1=" " ind2=" " tag="040"><subfield code="a">MFN</subfield><subfield code="b">eng</subfield><subfield code="c">MFN</subfield><subfield code="d">CNW</subfield><subfield code="d">OCL</subfield><subfield code="d">OCLCQ</subfield></datafield><datafield ind1=" " ind2=" " tag="042"><subfield code="a">msc</subfield></datafield><datafield ind1="0" ind2=" " tag="130"><subfield code="a">Middletown daily herald (Middletown, Conn.)</subfield></datafield><datafield ind1="1" ind2="0" tag="245"><subfield code="a">Middletown daily herald.</subfield></datafield><datafield ind1="3" ind2="0" tag="246"><subfield code="a">Saturday evening herald</subfield></datafield><datafield ind1="1" ind2="3" tag="246"><subfield code="a">Daily herald</subfield></datafield><datafield ind1=" " ind2=" " tag="260"><subfield code="a">Middletown, Conn. :</subfield><subfield code="b">Woodruff Pub. Co.</subfield></datafield><datafield ind1=" " ind2=" " tag="300"><subfield code="a">v.</subfield></datafield><datafield ind1=" " ind2=" " tag="310"><subfield code="a">Daily (except Sun.)</subfield></datafield><datafield ind1="1" ind2=" " tag="362"><subfield code="a">Began Oct. 19, 1883.</subfield></datafield><datafield ind1=" " ind2=" " tag="500"><subfield code="a">Republican.</subfield></datafield><datafield ind1=" " ind2=" " tag="500"><subfield code="a">Saturday edition published as: The Saturday evening herald.</subfield></datafield><datafield ind1=" " ind2=" " tag="500"><subfield code="a">Publisher: C.E. Woodruff, &lt;1883&gt;.</subfield></datafield><datafield ind1=" " ind2=" " tag="588"><subfield code="a">Description based on: Jan. 9, 1884.</subfield></datafield><datafield ind1=" " ind2="4" tag="651"><subfield code="a">Middletown (Conn.)</subfield><subfield code="v">Newspapers.</subfield></datafield><datafield ind1="1" ind2=" " tag="700"><subfield code="a">Woodruff, C. E.</subfield></datafield><datafield ind1=" " ind2=" " tag="752"><subfield code="a">United States</subfield><subfield code="b">Connecticut</subfield><subfield code="c">Middlesex</subfield><subfield code="d">Middletown.</subfield></datafield><datafield ind1="0" ind2="0" tag="785"><subfield code="t">Middletown herald (Middletown, Conn.)</subfield><subfield code="w">(DLC)sn 90057217</subfield><subfield code="w">(OCoLC)22154136</subfield></datafield><datafield ind1="1" ind2=" " tag="029"><subfield code="a">AU@</subfield><subfield code="b">000025869266</subfield></datafield></record>